@article{survey_rag_2024_chen,
    title={{A Comprehensive Survey of Retrieval-Augmented Generation (RAG): Evolution, Current Landscape and Future Directions}},
    author={Chen, Gao and et al.},
    journal={arXiv preprint arXiv:2405.08995},
    year={2024},
    url={https://arxiv.org/abs/2405.08995}
}

@misc{hnsw_malkov_2018,
      title={Efficient and robust approximate nearest neighbor search using Hierarchical Navigable Small World graphs}, 
      author={Yu. A. Malkov and D. A. Yashunin},
      year={2018},
      eprint={1603.09320},
      archivePrefix={arXiv},
      primaryClass={cs.DS},
      url={https://arxiv.org/abs/1603.09320}, 
}

@article{ivf_zobel, 
  author = {Zobel, Justin and Moffat, Alistair and Ramamohanarao, Kotagiri}, 
  title = {Inverted files versus signature files for text indexing}, 
  year = {1998}, 
  issue_date = {Dec. 1998}, 
  publisher = {Association for Computing Machinery}, 
  address = {New York, NY, USA}, 
  volume = {23}, 
  number = {4}, 
  issn = {0362-5915}, 
  url = {https://doi.org/10.1145/296854.277632}, 
  doi = {10.1145/296854.277632}, 
  journal = {ACM Trans. Database Syst.}, 
  month = dec, 
  pages = {453–490}, 
  numpages = {38}, 
  keywords = {indexing, inverted files, performance, signature files, text databases, text indexing}
}

@misc{deepeval2023,
  author       = {Confident AI},
  title        = {{DeepEval: An open-source evaluation framework for LLMs}},
  year         = {2023},
  howpublished = {\url{https://github.com/confident-ai/deepeval}},
  note         = {Accessed: 2025-07-01}
}

@misc{liu2023geval,
      title={G-Eval: NLG Evaluation using GPT-4 with Better Human Alignment}, 
      author={Yang Liu and Dan Iter and Yichong Xu and Shuohang Wang and Ruochen Xu and Chenguang Zhu},
      year={2023},
      eprint={2303.16634},
      archivePrefix={arXiv},
      primaryClass={cs.CL}
}

@misc{zhu2024longembedextendingembeddingmodels,
      title={LongEmbed: Extending Embedding Models for Long Context Retrieval}, 
      author={Dawei Zhu and Liang Wang and Nan Yang and Yifan Song and Wenhao Wu and Furu Wei and Sujian Li},
      year={2024},
      eprint={2404.12096},
      archivePrefix={arXiv},
      primaryClass={cs.CL},
      url={https://arxiv.org/abs/2404.12096},
}

@inproceedings{lewis2020retrieval,
  title={Retrieval-Augmented Generation for Knowledge-Intensive {NLP} Tasks},
  author={Patrick Lewis and Ethan Perez and Aleksandra Piktus and Fabio Petroni and Vladimir Karpukhin and Naman Goyal and Heinrich K{"u}ttler and Mike Lewis and Wen-tau Yih and Tim Rockt{"a}schel and Sebastian Riedel and Douwe Kiela},
  booktitle={Advances in Neural Information Processing Systems},
  editor={H. Larochelle and M. Ranzato and R. Hadsell and M. F. Balcan and H. Lin},
  volume={33},
  pages={9459--9474},
  year={2020}
}

@misc{gao2024retrievalaugmented,
  title={Retrieval-Augmented Generation for Large Language Models: A Survey},
  author={Yunfan Gao and Yunqing Zhai and Daniel M. Bikel and Shuo Zhang and Zhaofeng He and Chen-Yu Lee and Thomas G. D. Wolf},
  year={2024},
  eprint={2312.10997},
  archivePrefix={arXiv},
  primaryClass={cs.CL}
}

@misc{liu2023lost,
  title={Lost in the Middle: How Language Models Use Long Contexts},
  author={Nelson F. Liu and Kevin Lin and John Hewitt and Ashish Vaswani and Percy Liang and Thomas T. A. L. V. L. H. I. D. U.},
  year={2023},
  eprint={2307.03172},
  archivePrefix={arXiv},
  primaryClass={cs.CL}
}

@inproceedings{khattab2020colbert,
  author = {Khattab, Omar and Zaharia, Matei},
  title = {{ColBERT}: Efficient and Effective Passage Search via Contextualized Late Interaction over {BERT}},
  booktitle = {Proceedings of the 43rd International ACM SIGIR Conference on Research and Development in Information Retrieval},
  year = {2020},
  pages = {39--48},
  url = {https://doi.org/10.1145/3397271.3401075}
}

@misc{zheng2023judging,
  title={Judging LLM-as-a-Judge with MT-Bench and Chatbot Arena},
  author={Lianmin Zheng and Wei-Lin Chiang and Ying Sheng and Siyuan Zhuang and Zhanghao Wu and Yonghao Zhuang and Zi Lin and Zhuohan Li and Dacheng Li and Eric P. Xing and Hao Zhang and Joseph E. Gonzalez and Ion Stoica},
  year={2023},
  eprint={2306.05685},
  archivePrefix={arXiv},
  primaryClass={cs.CL}
}

@article{rag_fusion_2024,
    title={{RAG-Fusion: a New Take on Retrieval-Augmented Generation}},
    author={Diskin, Yair and Hazan, Elad and Ram, Ofer},
    journal={arXiv preprint arXiv:2401.10221},
    year={2024},
    url={https://arxiv.org/abs/2401.10221}
}

@misc{günther2025latechunkingcontextualchunk,
      title={Late Chunking: Contextual Chunk Embeddings Using Long-Context Embedding Models}, 
      author={Michael Günther and Isabelle Mohr and Daniel James Williams and Bo Wang and Han Xiao},
      year={2025},
      eprint={2409.04701},
      archivePrefix={arXiv},
      primaryClass={cs.CL},
      url={https://arxiv.org/abs/2409.04701},
}

@misc{sturua2024jinaembeddingsv3multilingualembeddingstask,
      title={jina-embeddings-v3: Multilingual Embeddings With Task LoRA}, 
      author={Saba Sturua and Isabelle Mohr and Mohammad Kalim Akram and Michael Günther and Bo Wang and Markus Krimmel and Feng Wang and Georgios Mastrapas and Andreas Koukounas and Nan Wang and Han Xiao},
      year={2024},
      eprint={2409.10173},
      archivePrefix={arXiv},
      primaryClass={cs.CL},
      url={https://arxiv.org/abs/2409.10173},
}

@misc{günther2025jinaembeddingsv4universalembeddingsmultimodal,
      title={jina-embeddings-v4: Universal Embeddings for Multimodal Multilingual Retrieval}, 
      author={Michael Günther and Saba Sturua and Mohammad Kalim Akram and Isabelle Mohr and Andrei Ungureanu and Bo Wang and Sedigheh Eslami and Scott Martens and Maximilian Werk and Nan Wang and Han Xiao},
      year={2025},
      eprint={2506.18902},
      archivePrefix={arXiv},
      primaryClass={cs.AI},
      url={https://arxiv.org/abs/2506.18902},
}

@misc{zhang2025qwen3embeddingadvancingtext,
      title={Qwen3 Embedding: Advancing Text Embedding and Reranking Through Foundation Models}, 
      author={Yanzhao Zhang and Mingxin Li and Dingkun Long and Xin Zhang and Huan Lin and Baosong Yang and Pengjun Xie and An Yang and Dayiheng Liu and Junyang Lin and Fei Huang and Jingren Zhou},
      year={2025},
      eprint={2506.05176},
      archivePrefix={arXiv},
      primaryClass={cs.CL},
      url={https://arxiv.org/abs/2506.05176},
}

@misc{yang2025qwen3technicalreport,
title={Qwen3 Technical Report},
author={An Yang and Anfeng Li and Baosong Yang and Beichen Zhang and Binyuan Hui and Bo Zheng and Bowen Yu and Chang Gao and Chengen Huang and Chenxu Lv and Chujie Zheng and Dayiheng Liu and Fan Zhou and Fei Huang and Feng Hu and Hao Ge and Haoran Wei and Huan Lin and Jialong Tang and Jian Yang and Jianhong Tu and Jianwei Zhang and Jianxin Yang and Jiaxi Yang and Jing Zhou and Jingren Zhou and Junyang Lin and Kai Dang and Keqin Bao and Kexin Yang and Le Yu and Lianghao Deng and Mei Li and Mingfeng Xue and Mingze Li and Pei Zhang and Peng Wang and Qin Zhu and Rui Men and Ruize Gao and Shixuan Liu and Shuang Luo and Tianhao Li and Tianyi Tang and Wenbiao Yin and Xingzhang Ren and Xinyu Wang and Xinyu Zhang and Xuancheng Ren and Yang Fan and Yang Su and Yichang Zhang and Yinger Zhang and Yu Wan and Yuqiong Liu and Zekun Wang and Zeyu Cui and Zhenru Zhang and Zhipeng Zhou and Zihan Qiu},
year={2025},
eprint={2505.09388},
archivePrefix={arXiv},
primaryClass={cs.CL},
url={https://arxiv.org/abs/2505.09388},
}

@inproceedings{milvus,
author = {Wang, Jianguo and Yi, Xiaomeng and Guo, Rentong and Jin, Hai and Xu, Peng and Li, Shengjun and Wang, Xiangyu and Guo, Xiangzhou and Li, Chengming and Xu, Xiaohai and Yu, Kun and Yuan, Yuxing and Zou, Yinghao and Long, Jiquan and Cai, Yudong and Li, Zhenxiang and Zhang, Zhifeng and Mo, Yihua and Gu, Jun and Jiang, Ruiyi and Wei, Yi and Xie, Charles},
title = {Milvus: A Purpose-Built Vector Data Management System},
year = {2021},
isbn = {9781450383431},
publisher = {Association for Computing Machinery},
address = {New York, NY, USA},
url = {https://doi.org/10.1145/3448016.3457550},
booktitle = {Proceedings of the 2021 International Conference on Management of Data},
pages = {2614–2627},
numpages = {14},
}

@online{mteb_leaderboard_2025,
  author = {{MTEB Authors}},
  title = {Massive Text Embedding Benchmark (MTEB) Leaderboard},
  year = {2025},
  url = {https://huggingface.co/spaces/mteb/leaderboard},
  urldate = {2025-08-01},
  note = {Accessed on August 1, 2025}
}

@misc{touvron2023llama,
    title={Llama 2: Open Foundation and Fine-Tuned Chat Models},
    author={Hugo Touvron and Louis Martin and Kevin Stone and Peter Albert and Amjad Almahairi and Yasmine Babaei and Nikolay Bashlykov and Soumya Batra and Prajjwal Bhargava and Shruti Bhosale and Dan Bikel and Lukas Blecher and Cristian Canton Ferrer and Moya Chen and Guillem Cucurull and David Esiobu and Jude Fernandes and Jeremy Fu and Wenyin Fu and Brian Fuller and Cynthia Gao and Vedanuj Goswami and Naman Goyal and Anthony Hartshorn and Saghar Hosseini and Rui Hou and Hakan Inan and Marcin Kardas and Viktor Kerkez and Madian Khabsa and Isabel Kloumann and Artem Korenev and Punit Singh Koura and Marie-Anne Lachaux and Thibaut Lavril and Jenya Lee and Diana Liskovich and Yinghai Lu and Yuning Mao and Xavier Martinet and Todor Mihaylov and Pushkar Mishra and Igor Molybog and Yixin Nie and Andrew Poulton and Jeremy Reizenstein and Rashi Rungta and Kalyan Saladi and Alan Schelten and Ruan Silva and Eric Michael Smith and Ranjan Subramanian and Xiaoqing Ellen Tan and Binh Tang and Ross Taylor and Adina Williams and Jian Xiang Kuan and Puxin Xu and Zheng Yan and Iliyan Zarov and Yuchen Zhang and Angela Fan and Melanie Kambadur and Sharan Narang and Aurelien Rodriguez and Robert Stojnic and Sergey Edunov and Thomas Scialom},
    year={2023},
    eprint={2307.09288},
    archivePrefix={arXiv},
    primaryClass={cs.CL}
}

@misc{anthropic2024claude3,
    title={The Claude 3 Model Family: Opus, Sonnet, Haiku},
    author={Anthropic},
    year={2024},
    howpublished = {\url{https://www.anthropic.com/news/the-claude-3-model-family-opus-sonnet-haiku}},
    note={Accessed: 2025-08-01}
}

@misc{gemini2023,
    title = {Gemini: A Family of Highly Capable Multimodal Models},
    author = {Gemini Team and Rohan Anil and et al.},
    year = {2023},
    eprint = {2312.11805},
    archivePrefix = {arXiv},
    primaryClass = {cs.CL}
}

@online{v2rerank2025mxbai,
  title={Baked-in Brilliance: Reranking Meets RL with mxbai-rerank-v2},
  author={Sean Lee and Rui Huang and Aamir Shakir and Julius Lipp},
  year={2025},
  url={https://www.mixedbread.com/blog/mxbai-rerank-v2},
}

@misc{jina-reranker-v1-tiny-en,
      author = {Jina AI},
      title = {jina-reranker-v1-tiny-en},
      year = {2023},
      publisher = {Hugging Face},
      journal = {Hugging Face repository},
      howpublished = {\url{https://huggingface.co/jinaai/jina-reranker-v1-tiny-en}}
}

@misc{openai2024gpt4technicalreport,
      title={GPT-4 Technical Report}, 
      author={OpenAI and Josh Achiam and Steven Adler and Sandhini Agarwal and Lama Ahmad and Ilge Akkaya and Florencia Leoni Aleman and Diogo Almeida and Janko Altenschmidt and Sam Altman and Shyamal Anadkat and Red Avila and Igor Babuschkin and Suchir Balaji and Valerie Balcom and Paul Baltescu and Haiming Bao and Mohammad Bavarian and Jeff Belgum and Irwan Bello and Jake Berdine and Gabriel Bernadett-Shapiro and Christopher Berner and Lenny Bogdonoff and Oleg Boiko and Madelaine Boyd and Anna-Luisa Brakman and Greg Brockman and Tim Brooks and Miles Brundage and Kevin Button and Trevor Cai and Rosie Campbell and Andrew Cann and Brittany Carey and Chelsea Carlson and Rory Carmichael and Brooke Chan and Che Chang and Fotis Chantzis and Derek Chen and Sully Chen and Ruby Chen and Jason Chen and Mark Chen and Ben Chess and Chester Cho and Casey Chu and Hyung Won Chung and Dave Cummings and Jeremiah Currier and Yunxing Dai and Cory Decareaux and Thomas Degry and Noah Deutsch and Damien Deville and Arka Dhar and David Dohan and Steve Dowling and Sheila Dunning and Adrien Ecoffet and Atty Eleti and Tyna Eloundou and David Farhi and Liam Fedus and Niko Felix and Simón Posada Fishman and Juston Forte and Isabella Fulford and Leo Gao and Elie Georges and Christian Gibson and Vik Goel and Tarun Gogineni and Gabriel Goh and Rapha Gontijo-Lopes and Jonathan Gordon and Morgan Grafstein and Scott Gray and Ryan Greene and Joshua Gross and Shixiang Shane Gu and Yufei Guo and Chris Hallacy and Jesse Han and Jeff Harris and Yuchen He and Mike Heaton and Johannes Heidecke and Chris Hesse and Alan Hickey and Wade Hickey and Peter Hoeschele and Brandon Houghton and Kenny Hsu and Shengli Hu and Xin Hu and Joost Huizinga and Shantanu Jain and Shawn Jain and Joanne Jang and Angela Jiang and Roger Jiang and Haozhun Jin and Denny Jin and Shino Jomoto and Billie Jonn and Heewoo Jun and Tomer Kaftan and Łukasz Kaiser and Ali Kamali and Ingmar Kanitscheider and Nitish Shirish Keskar and Tabarak Khan and Logan Kilpatrick and Jong Wook Kim and Christina Kim and Yongjik Kim and Jan Hendrik Kirchner and Jamie Kiros and Matt Knight and Daniel Kokotajlo and Łukasz Kondraciuk and Andrew Kondrich and Aris Konstantinidis and Kyle Kosic and Gretchen Krueger and Vishal Kuo and Michael Lampe and Ikai Lan and Teddy Lee and Jan Leike and Jade Leung and Daniel Levy and Chak Ming Li and Rachel Lim and Molly Lin and Stephanie Lin and Mateusz Litwin and Theresa Lopez and Ryan Lowe and Patricia Lue and Anna Makanju and Kim Malfacini and Sam Manning and Todor Markov and Yaniv Markovski and Bianca Martin and Katie Mayer and Andrew Mayne and Bob McGrew and Scott Mayer McKinney and Christine McLeavey and Paul McMillan and Jake McNeil and David Medina and Aalok Mehta and Jacob Menick and Luke Metz and Andrey Mishchenko and Pamela Mishkin and Vinnie Monaco and Evan Morikawa and Daniel Mossing and Tong Mu and Mira Murati and Oleg Murk and David Mély and Ashvin Nair and Reiichiro Nakano and Rajeev Nayak and Arvind Neelakantan and Richard Ngo and Hyeonwoo Noh and Long Ouyang and Cullen O'Keefe and Jakub Pachocki and Alex Paino and Joe Palermo and Ashley Pantuliano and Giambattista Parascandolo and Joel Parish and Emy Parparita and Alex Passos and Mikhail Pavlov and Andrew Peng and Adam Perelman and Filipe de Avila Belbute Peres and Michael Petrov and Henrique Ponde de Oliveira Pinto and Michael Pokorny and Michelle Pokrass and Vitchyr H. Pong and Tolly Powell and Alethea Power and Boris Power and Elizabeth Proehl and Raul Puri and Alec Radford and Jack Rae and Aditya Ramesh and Cameron Raymond and Francis Real and Kendra Rimbach and Carl Ross and Bob Rotsted and Henri Roussez and Nick Ryder and Mario Saltani and Ted Sanders and Shibani Santurkar and Girish Sastry and Heather Schmidt and David Schnurr and John Schulman and Daniel Selsam and Kyla Sheppard and Toki Sherbakov and Jessica Shieh and Sarah Shoker and Pranav Shyam and Szymon Sidor and Eric Sigler and Maddie Simens and Jordan Sitkin and Katarina Slama and Ian Sohl and Benjamin Sokolowsky and Yang Song and Natalie Staudacher and Felipe Petroski Such and Natalie Summers and Ilya Sutskever and Jie Tang and Nikolas Tezak and Madeleine B. Thompson and Phil Tillet and Amin Tootoonchian and Elizabeth Tseng and Preston Tuggle and Nick Turley and Jerry Tworek and Juan Felipe Cerón Uribe and Andrea Vallone and Arun Vijayvergiya and Chelsea Voss and Carroll Wainwright and Justin Jay Wang and Alvin Wang and Ben Wang and Jonathan Ward and Jason Wei and CJ Weinmann and Akila Welihinda and Peter Welinder and Jiayi Weng and Lilian Weng and Matt Wiethoff and Dave Willner and Clemens Winter and Samuel Wolrich and Hannah Wong and Lauren Workman and Sherwin Wu and Jeff Wu and Michael Wu and Kai Xiao and Tao Xu and Sarah Yoo and Kevin Yu and Qiming Yuan and Wojciech Zaremba and Rowan Zellers and Chong Zhang and Marvin Zhang and Shengjia Zhao and Tianhao Zheng and Juntang Zhuang and William Zhuk and Barret Zoph},
      year={2024},
      eprint={2303.08774},
      archivePrefix={arXiv},
      primaryClass={cs.CL},
      url={https://arxiv.org/abs/2303.08774}, 
}

@inproceedings{karpukhin2020dense,
    title={Dense Passage Retrieval for Open-Domain Question Answering},
    author={Vladimir Karpukhin and Barlas Oğuz and Sewon Min and Patrick Lewis and Ledell Wu and Hyunjoo Kim and Yann N. Dauphin and Sebastian Riedel},
    booktitle={Proceedings of the 2020 Conference on Empirical Methods in Natural Language Processing (EMNLP)},
    pages={6717--6731},
    year={2020}
}

@inproceedings{guu2020realm,
    title={REALM: Retrieval-Augmented Language Model Pre-Training},
    author={Kelvin Guu and Kenton Lee and Zora Tung and Panupong Pasupat and Ming-Wei Chang},
    booktitle={Proceedings of the 37th International Conference on Machine Learning (ICML)},
    pages={3849--3859},
    year={2020}
}

@article{salton1975vector,
  title={A vector space model for automatic indexing},
  author={Salton, Gerard and Wong, Anita and Yang, Chung-Shu},
  journal={Communications of the ACM},
  volume={18},
  number={11},
  pages={613--620},
  year={1975}
}

@article{yu2022survey,
  title={A Survey of Knowledge-Enhanced Text Generation},
  author={Yu, Wenhao and Zhu, Chenguang and Li, Zaitang and Hu, Zhiting and Wang, Qingyun and Ji, Heng and Jiang, Meng},
  journal={ACM Computing Surveys},
  volume={55},
  number={1},
  pages={1--40},
  year={2022}
}

@article{zhang2023impact,
  title={The Impact of Chunking Strategies on Retrieval-Augmented Generation},
  author={Zhang, Yanzhao and Li, Mingxin and Long, Dingkun and Zhang, Xin and Huan Lin and Baosong Yang and Xie, Pengjun and An Yang and Dayiheng Liu and Junyang Lin and others},
  journal={arXiv preprint arXiv:2312.09224},
  year={2023}
}

@inproceedings{devlin2019bert,
  title={BERT: Pre-training of Deep Bidirectional Transformers for Language Understanding},
  author={Devlin, Jacob and Chang, Ming-Wei and Lee, Kenton and Toutanova, Kristina},
  booktitle={Proceedings of the 2019 Conference of the North American Chapter of the Association for Computational Linguistics: Human Language Technologies, Volume 1 (Long and Short Papers)},
  pages={4171--4186},
  year={2019}
}

@article{liu2019roberta,
  title={RoBERTa: A Robustly Optimized BERT Pretraining Approach},
  author={Liu, Yinhan and Ott, Myle and Goyal, Naman and Du, Jingfei and Li, Mandar and Kochanov, Ramakanth and Mahoney, Daniel and Chen, Jing and Glass, Ethan and Firooz, Jordan and others},
  journal={arXiv preprint arXiv:1907.11692},
  year={2019}
}

@article{chen2023improving,
  title={Improving Retrieval-Augmented Generation with Domain-Specific Embeddings},
  author={Chen, Yanzhao and Li, Mingxin and Long, Dingkun and Zhang, Xin and Huan Lin and Baosong Yang and Xie, Pengjun and An Yang and Dayiheng Liu and Junyang Lin and others},
  journal={arXiv preprint arXiv:2310.07007},
  year={2023}
}

@inproceedings{robertson1995okapi,
  title={Okapi at TREC-3},
  author={ Robertson, Stephen E and Walker, Stephen and Hancock-Beaulieu, Micheline M and Gatford, Michael and Payne, Andrew and Soboroff, Ian},
  booktitle={Proceedings of the third Text REtrieval Conference (TREC-3)},
  pages={109--126},
  year={1995}
}

@misc{ren2021rocketqa,
      title={RocketQA: An Optimized Training Approach to Dense Passage Retrieval for Open-Domain Question Answering}, 
      author={Yingqi Qu and Yuchen Ding and Jing Liu and Kai Liu and Ruiyang Ren and Wayne Xin Zhao and Daxiang Dong and Hua Wu and Haifeng Wang},
      year={2021},
      eprint={2010.08191},
      archivePrefix={arXiv},
      primaryClass={cs.CL},
      url={https://arxiv.org/abs/2010.08191}, 
}

@misc{nogueira2019passage,
      title={Passage Re-ranking with BERT}, 
      author={Rodrigo Nogueira and Kyunghyun Cho},
      year={2020},
      eprint={1901.04085},
      archivePrefix={arXiv},
      primaryClass={cs.IR},
      url={https://arxiv.org/abs/1901.04085}, 
}

@misc{lee2021adaptive,
      title={Adaptive Information Seeking for Open-Domain Question Answering}, 
      author={Yunchang Zhu and Liang Pang and Yanyan Lan and Huawei Shen and Xueqi Cheng},
      year={2021},
      eprint={2109.06747},
      archivePrefix={arXiv},
      primaryClass={cs.CL},
      url={https://arxiv.org/abs/2109.06747}, 
}

@misc{langchain,
  author = {{LangChain Authors}},
  title = {{LangChain: Building applications with LLMs through composability}},
  year = {2022},
  publisher = {GitHub},
  howpublished = {\url{https://github.com/langchain-ai/langchain}},
  note = {Accessed: 2025-08-31}
}

@inproceedings{honnibal2015spacy,
  title={SpaCy: Industrial-strength Natural Language Processing in Python},
  author={Honnibal, Matthew and Johnson, Mark},
  booktitle={Proceedings of the 2015 Conference on Empirical Methods in Natural Language Processing: System Demonstrations},
  pages={1--4},
  year={2015}
}

@book{bird2009natural,
  title={Natural Language Processing with Python},
  author={Bird, Steven and Klein, Ewan and Loper, Edward},
  year={2009},
  publisher={O'Reilly Media, Inc.}
}

@misc{aumuller2017ann,
      title={ANN-Benchmarks: A Benchmarking Tool for Approximate Nearest Neighbor Algorithms}, 
      author={Martin Aumüller and Erik Bernhardsson and Alexander Faithfull},
      year={2018},
      eprint={1807.05614},
      archivePrefix={arXiv},
      primaryClass={cs.IR},
      url={https://arxiv.org/abs/1807.05614}, 
}

@article{brown2020language,
  title={Language Models are Few-Shot Learners},
  author={Brown, Tom B and Mann, Benjamin and Ryder, Nick and Subbiah, Melanie and Kaplan, Jared and Dhariwal, Prafulla and Neelakantan, Arvind and Shyam, Pranav and Sastry, Girish and Askell, Amanda and others},
  journal={Advances in Neural Information Processing Systems},
  volume={33},
  year={2020}
}

@misc{wei2022chain,
      title = {Chain-of-Thought Prompting Elicits Reasoning in Large Language Models},
      author = {Wei, Jason and Wang, Xuezhi and Schuurmans, Dale and Bosma, Maarten and Ichter, Brian and Xia, Fei and Chi, EdH. and Le, Quoc and Zhou, Denny},
      year = {2022},
      publisher = {arXiv},
      doi = {10.48550/arXiv.2201.11903}
}

@inproceedings{tseng-etal-2024-two,
    title = "Two Tales of Persona in {LLM}s: A Survey of Role-Playing and Personalization",
    author = "Tseng, Yu-Min and Huang, Yu-Chao and Hsiao, Teng-Yun and Chen, Wei-Lin and Huang, Chao-Wei and Meng, Yu and Chen, Yun-Nung",
    editor = "Al-Onaizan, Yaser and Bansal, Mohit and Chen, Yun-Nung",
    booktitle = "Findings of the Association for Computational Linguistics: EMNLP 2024",
    month = nov,
    year = "2024",
    address = "Miami, Florida, USA",
    publisher = "Association for Computational Linguistics",
    pages = "16612--16631",
    url = "https://aclanthology.org/2024.findings-emnlp.969",
    doi = "10.18653/v1/2024.findings-emnlp.969",
}

@misc{zhang2025instructiontuninglargelanguage,
      title={Instruction Tuning for Large Language Models: A Survey}, 
      author={Shengyu Zhang and Linfeng Dong and Xiaoya Li and Sen Zhang and Xiaofei Sun and Shuhe Wang and Jiwei Li and Runyi Hu and Tianwei Zhang and Fei Wu and Guoyin Wang},
      year={2025},
      eprint={2308.10792},
      archivePrefix={arXiv},
      primaryClass={cs.CL},
      url={https://arxiv.org/abs/2308.10792}, 
}

@online{openai2022ada002,
  author  = {OpenAI},
  title   = {New and Improved Embedding Model},
  year    = {2022},
  month   = dec,
  url     = {https://openai.com/index/new-and-improved-embedding-model/},
  urldate = {2025-08-02}
}

@misc{nussbaum2025nomicembedtrainingreproducible,
      title={Nomic Embed: Training a Reproducible Long Context Text Embedder}, 
      author={Zach Nussbaum and John X. Morris and Brandon Duderstadt and Andriy Mulyar},
      year={2025},
      eprint={2402.01613},
      archivePrefix={arXiv},
      primaryClass={cs.CL},
      url={https://arxiv.org/abs/2402.01613}, 
}

@misc{günther2024jinaembeddings28192token,
      title={Jina Embeddings 2: 8192-Token General-Purpose Text Embeddings for Long Documents}, 
      author={Michael Günther and Jackmin Ong and Isabelle Mohr and Alaeddine Abdessalem and Tanguy Abel and Mohammad Kalim Akram and Susana Guzman and Georgios Mastrapas and Saba Sturua and Bo Wang and Maximilian Werk and Nan Wang and Han Xiao},
      year={2024},
      eprint={2310.19923},
      archivePrefix={arXiv},
      primaryClass={cs.CL},
      url={https://arxiv.org/abs/2310.19923}, 
}

@misc{ho2020constructingmultihopqadataset,
      title={Constructing A Multi-hop QA Dataset for Comprehensive Evaluation of Reasoning Steps}, 
      author={Xanh Ho and Anh-Khoa Duong Nguyen and Saku Sugawara and Akiko Aizawa},
      year={2020},
      eprint={2011.01060},
      archivePrefix={arXiv},
      primaryClass={cs.CL},
      url={https://arxiv.org/abs/2011.01060}, 
}

@misc{kočiský2017narrativeqareadingcomprehensionchallenge,
      title={The NarrativeQA Reading Comprehension Challenge}, 
      author={Tomáš Kočiský and Jonathan Schwarz and Phil Blunsom and Chris Dyer and Karl Moritz Hermann and Gábor Melis and Edward Grefenstette},
      year={2017},
      eprint={1712.07040},
      archivePrefix={arXiv},
      primaryClass={cs.CL},
      url={https://arxiv.org/abs/1712.07040}, 
}

@misc{nelson2024needlehaystackmemorybased,
      title={Needle in the Haystack for Memory Based Large Language Models}, 
      author={Elliot Nelson and Georgios Kollias and Payel Das and Subhajit Chaudhury and Soham Dan},
      year={2024},
      eprint={2407.01437},
      archivePrefix={arXiv},
      primaryClass={cs.CL},
      url={https://arxiv.org/abs/2407.01437}, 
}

// Passkey dataset paper
@inproceedings{Wang2023ImprovingTE,
  title={Improving Text Embeddings with Large Language Models},
  author={Liang Wang and Nan Yang and Xiaolong Huang and Linjun Yang and Rangan Majumder and Furu Wei},
  year={2023},
}

@misc{zhong2021qmsumnewbenchmarkquerybased,
      title={QMSum: A New Benchmark for Query-based Multi-domain Meeting Summarization}, 
      author={Ming Zhong and Da Yin and Tao Yu and Ahmad Zaidi and Mutethia Mutuma and Rahul Jha and Ahmed Hassan Awadallah and Asli Celikyilmaz and Yang Liu and Xipeng Qiu and Dragomir Radev},
      year={2021},
      eprint={2104.05938},
      archivePrefix={arXiv},
      primaryClass={cs.CL},
      url={https://arxiv.org/abs/2104.05938}, 
}

@misc{chen2022summscreendatasetabstractivescreenplay,
      title={SummScreen: A Dataset for Abstractive Screenplay Summarization}, 
      author={Mingda Chen and Zewei Chu and Sam Wiseman and Kevin Gimpel},
      year={2022},
      eprint={2104.07091},
      archivePrefix={arXiv},
      primaryClass={cs.CL},
      url={https://arxiv.org/abs/2104.07091}, 
}

@inproceedings{zhang2024mgte,
  title={mGTE: Generalized Long-Context Text Representation and Reranking Models for Multilingual Text Retrieval},
  author={Zhang, Xin and Zhang, Yanzhao and Long, Dingkun and Xie, Wen and Dai, Ziqi and Tang, Jialong and Lin, Huan and Yang, Baosong and Xie, Pengjun and Huang, Fei and others},
  booktitle={Proceedings of the 2024 Conference on Empirical Methods in Natural Language Processing: Industry Track},
  pages={1393--1412},
  year={2024}
}
